@article{q4c,
    author = {https://www.cs.helsinki.fi/u/tpkarkka/opetus/11s/spa/lecture10.pdf},
    title = {}
}
@article{q,
    author = {Alml√∂f, Jonas Carlsson, et al. "Novel risk genes for systemic lupus erythematosus predicted by random forest classification." Scientific reports 7.1 (2017): 6236.},
    title = {}
}
